<?xml version="1.0" encoding="UTF-8"?><collection xmlns="http://www.loc.gov/MARC21/slim"><record><leader>00531nam--2200181-i-4500</leader><controlfield tag="001">000001541</controlfield><controlfield tag="002">20161230</controlfield><controlfield tag="005">20161230201024</controlfield><controlfield tag="008">060222s1000------------r-----000-0-eng-d</controlfield><datafield ind1=" " ind2=" " tag="040"><subfield code="a">IFIN-HH</subfield></datafield><datafield ind1=" " ind2=" " tag="080"><subfield code="a">658.352(038)=00</subfield></datafield><datafield ind1="1" ind2=" " tag="100"><subfield code="a">Liselotte, Wenger</subfield></datafield><datafield ind1="1" ind2="0" tag="245"><subfield code="a">Glosary of terms used in the management of quality</subfield><subfield code="c">Wenger liselotte (executive editor)</subfield></datafield><datafield ind1=" " ind2=" " tag="250"><subfield code="a">Fifth Edition</subfield></datafield><datafield ind1=" " ind2=" " tag="260"><subfield code="a">Berne</subfield><subfield code="b">European Organization For Quality Control</subfield><subfield code="c">1981</subfield></datafield><datafield ind1=" " ind2=" " tag="300"><subfield code="a">817 P</subfield></datafield><datafield ind1=" " ind2=" " tag="852"><subfield code="a">D.561</subfield><subfield code="c">SLT</subfield></datafield><datafield ind1=" " ind2=" " tag="CAT"><subfield code="a">Sys</subfield><subfield code="c">20130226</subfield><subfield code="h">174324</subfield></datafield></record></collection>